<record><leader>00000cas a2200000Ma 4500</leader><controlfield tag="001">11102652</controlfield><controlfield tag="008">840829d18591860inuwr ne      0    0eng d</controlfield><datafield ind1=" " ind2=" " tag="010"><subfield code="a">sn 84023958 </subfield></datafield><datafield ind1=" " ind2=" " tag="040"><subfield code="a">AQM</subfield><subfield code="b">eng</subfield><subfield code="c">AQM</subfield><subfield code="d">OCLCQ</subfield><subfield code="d">IUL</subfield></datafield><datafield ind1="0" ind2=" " tag="130"><subfield code="a">Weekly Atlas (Indianapolis, Ind.)</subfield></datafield><datafield ind1="1" ind2="4" tag="245"><subfield code="a">The weekly Atlas.</subfield></datafield><datafield ind1=" " ind2=" " tag="260"><subfield code="a">Indianapolis, Ind. :</subfield><subfield code="b">John D. Defrees</subfield></datafield><datafield ind1=" " ind2=" " tag="310"><subfield code="a">Weekly</subfield></datafield><datafield ind1="1" ind2=" " tag="362"><subfield code="a">Began with Aug. 27, 1859 issue.</subfield><subfield code="z">Cf. Amer. newspapers, 1821-1936.</subfield></datafield><datafield ind1=" " ind2=" " tag="580"><subfield code="a">Also published in a daily ed. called: Daily evening Atlas.</subfield></datafield><datafield ind1=" " ind2=" " tag="580"><subfield code="a">Also published in a three times a week ed. called: Tri-weekly Atlas.</subfield></datafield><datafield ind1=" " ind2=" " tag="588"><subfield code="a">Description based on: Vol. 1, no. 2 (Sept. 3, 1859).</subfield></datafield><datafield ind1=" " ind2="7" tag="655"><subfield code="a">Newspapers.</subfield><subfield code="2">rbgenr</subfield></datafield><datafield ind1=" " ind2=" " tag="752"><subfield code="a">United States</subfield><subfield code="b">Indiana</subfield><subfield code="c">Marion</subfield><subfield code="d">Indianapolis.</subfield></datafield><datafield ind1="1" ind2=" " tag="775"><subfield code="t">Tri-weekly Atlas</subfield></datafield><datafield ind1="1" ind2=" " tag="775"><subfield code="t">Daily evening Atlas (Indianapolis, Ind.)</subfield><subfield code="w">(DLC)sn 84023945</subfield><subfield code="w">(OCoLC)11098863</subfield></datafield><datafield ind1="0" ind2="4" tag="785"><subfield code="t">Weekly Indiana State journal (Indianapolis, Ind. : 1850)</subfield><subfield code="w">(DLC)sn 82015477</subfield><subfield code="w">(OCoLC)8820761</subfield></datafield></record>